@article{wuafzth,
	title={Determining the dominant partial wave contributions from angular distributions of single- and double-polarization observables in pseudoscalar meson photoproduction},
	volume={53},
	ISSN={1434-601X},
	url={http://dx.doi.org/10.1140/epja/i2017-12255-0},
	DOI={10.1140/epja/i2017-12255-0},
	number={5},
	journal={The European Physical Journal A},
	publisher={Springer Science and Business Media LLC},
	author={Wunderlich, Y. and Afzal, F. and Thiel, A. and Beck, R.},
	year={2017},
	month={May} }
@Online{ron,
	author={Deborah Rönchen and others},
	title={The Jülich-Bonn dynamical coupled-channel analysis of pion and photon-induced hadronic reactions},
	year={2018},
	url={http://collaborations.fz-juelich.de/ikp/meson-baryon/juelich_amplitudes.html},
	urldate={2021-12-28}
	
}
@article{san,
	title={Determining pseudoscalar meson photoproduction amplitudes from complete experiments},
	volume={38},
	ISSN={1361-6471},
	url={http://dx.doi.org/10.1088/0954-3899/38/5/053001},
	DOI={10.1088/0954-3899/38/5/053001},
	number={5},
	journal={Journal of Physics G: Nuclear and Particle Physics},
	publisher={IOP Publishing},
	author={Sandorfi, A. M. and Hoblit, S and Kamano, H and Lee, T-S H},
	year={2011},
	month={Apr},
	pages={053001}
}
@phdthesis{thiel,
	author = {Thiel, Annika},
	title = {Bestimmung der Doppelpolarisationsobservablen G in $\pi^0$-Photoproduktion},
	school = {Rheinische Friedrich-Wilhelms-Universität Bonn},
	year = 2012,
	month = jul,
	url = {https://hdl.handle.net/20.500.11811/5344}
}
@Online{cb,
	author =       {Dieter Walther},
	title={Crystal Barrel},
	subtitle={A $4\pi$ photon spectrometer},
	url =          {https://www.cb.uni-bonn.de},
	urldate={2022-03-09}
}
@phdthesis{afzal,
	author = {Farah Noreen Afzal},
	title = {Measurement of the beam and helicity asymmetries in the reactions $\gamma p \to p \pi^0$ and $\gamma p \to p \eta$},
	school = {Rheinische Friedrich-Wilhelms-Universität Bonn},
	year = 2019,
	month = sep,
	url = {https://hdl.handle.net/20.500.11811/8064}
}
@Online{stan,
	author = {{Stan Development Team}},
	title = {Stan modeling Language Users Guide and Reference Manual, V.2.28},
	year = {2019},
	url={https://mc-stan.org}
	
}
@article{cgln,
	title = {Relativistic Dispersion Relation Approach to Photomeson Production},
	author = {Chew, G. F. and Goldberger, M. L. and Low, F. E. and Nambu, Y.},
	journal = {Phys. Rev.},
	volume = {106},
	issue = {6},
	pages = {1345--1355},
	numpages = {0},
	year = {1957},
	month = {Jun},
	publisher = {American Physical Society},
	doi = {10.1103/PhysRev.106.1345},
	url = {https://link.aps.org/doi/10.1103/PhysRev.106.1345}
}
