@Online{sm,
	title = {Particles of the Standard Model of particle physics},
	author = {Daniel Dominguez},
	%date = {},
	url = {https://home.cern/science/physics/standard-model},
	urldate = {2021-09-27}
}
@Online{elsa,
	title={Electron accelerator ELSA},
	subtitle={at the Physikalischen Institut of the Rheinischen Friedrich-Wilhelms-Unversität Bonn},
	author={Florian Frommberger},
	url={https://www-elsa.physik.uni-bonn.de/index_en.html},
	urldate ={2021-09-27}
}
@Online{cb,
	author =       {Dieter Walther},
	title={Crystal Barrel},
	subtitle={A $4\pi$ photon spectrometer},
	url =          {https://www.cb.uni-bonn.de},
	urldate={2021-09-27}
}
@Thesis{urban,
	author =       {Urban, Martin},
	title =        {Design eines neuen Lichtpulsersystems sowie Aufbau und Inbetriebnahme der neuen APD Auslese für das Crystal-Barrel-Kalorimeter},
	type =         {PhD thesis},
	school =       {Rheinische Friedrich-Wilhelms-Universität Bonn},
	year =         {2017},
	%url =          {https://www.cb.uni-bonn.de/fileadmin/user_upload/internal/Diploma/DiplomaThesis_2004_WendelChristoph.pdf},
}
@article{bonnmodel,
	title={The light-baryon spectrum in a relativistic quark model with instanton-induced quark forces},
	volume={10},
	ISSN={1434-601X},
	url={http://dx.doi.org/10.1007/s100500170105},
	DOI={10.1007/s100500170105},
	number={4},
	journal={The European Physical Journal A},
	publisher={Springer Science and Business Media LLC},
	author={Löring, U. and Metsch, B.Ch. and Petry, H.R.},
	year={2001},
	month={Jun},
	pages={395–446}
}
@article{bm1,
	author = "Ronniger, M. and Metsch, B. C.",
	title = "{Effects of a spin-flavour dependent interaction on the baryon mass spectrum}",
	eprint = "1111.3835",
	archivePrefix = "arXiv",
	primaryClass = "hep-ph",
	doi = "10.1140/epja/i2011-11162-8",
	journal = "Eur. Phys. J. A",
	volume = "47",
	pages = "162",
	year = "2011"
}
@article{pdg,
	author = "Zyla, P.A. and others",
	collaboration = "Particle Data Group",
	title = "{Review of Particle Physics}",
	doi = "10.1093/ptep/ptaa104",
	journal = "PTEP",
	volume = "2020",
	number = "8",
	pages = "083C01",
	year = "2020"
}
@article{Krusche,
	author = "Krusche, B. and Schadmand, S.",
	title = "{Study of nonstrange baryon resonances with meson photoproduction}",
	eprint = "nucl-ex/0306023",
	archivePrefix = "arXiv",
	doi = "10.1016/S0146-6410(03)90005-6",
	journal = "Prog. Part. Nucl. Phys.",
	volume = "51",
	pages = "399--485",
	year = "2003"
}
@article{Drechsel,
	author = "Drechsel, D. and Tiator, L.",
	title = "{Threshold pion photoproduction on nucleons}",
	doi = "10.1088/0954-3899/18/3/004",
	journal = "J. Phys. G",
	volume = "18",
	pages = "449--497",
	year = "1992"
}
@article{1997,
	title={Completeness rules for spin observables in pseudoscalar meson photoproduction},
	volume={55},
	ISSN={1089-490X},
	url={http://dx.doi.org/10.1103/PhysRevC.55.2054},
	DOI={10.1103/physrevc.55.2054},
	number={4},
	journal={Physical Review C},
	publisher={American Physical Society (APS)},
	author={Chiang, Wen-Tai and Tabakin, Frank},
	year={1997},
	month={Apr},
	pages={2054–2066}
}
@Thesis{farahphd,
	urn= {https://nbn-resolving.org/urn:nbn:de:hbz:5n-55515},
	author = {Afzal, Farah Noreen},
	title = {Measurement of the beam and helicity asymmetries in the reactions $\gamma p \to p\pi^0$ and $\gamma p \to p\eta$},
	school = {Rheinische Friedrich-Wilhelms-Universität Bonn},
	year = 2019,
	type = {PhD thesis},
	month = sep,
	url = {https://hdl.handle.net/20.500.11811/8064}
}
@book{theo3,
	author = {Bartelmann, Matthias and Feuerbacher, Björn and Krüger, Timm and Lüst, Dieter and Rebhan, Anton and Wipf, Andreas},
	year = {2018},
	month = {01},
	pages = {},
	title = {Theoretische Physik 3 | Quantenmechanik},
	isbn = {978-3-662-56071-6},
	doi = {10.1007/978-3-662-56072-3}
}
@misc{farah,
	author={Afzal, Farah},
	year = {2022},
	title ={Private communication}
}
@article{nov,
	author = "Ikeda, H. and others",
	collaboration = "Belle",
	title = "{A detailed test of the CsI(Tl) calorimeter for BELLE with photon beams of energy between 20-MeV and 5.4-GeV}",
	reportNumber = "KEK-PREPRINT-99-70, BELLE-PREPRINT-99-3, NWU-HEP-99-02, TIT-HPE-99-10",
	doi = "10.1016/S0168-9002(99)00992-4",
	journal = "Nucl. Instrum. Meth. A",
	volume = "441",
	pages = "401--426",
	year = "2000"
}